@article{bloem2021PD,
  title     = "Parkinson's disease",
  author    = "Bloem, Bastiaan R and Okun, Michael S and Klein, Christine",
  journal   = "Lancet",
  publisher = "Elsevier BV",
  volume    =  397,
  number    =  10291,
  pages     = "2284--2303",
  month     =  jun,
  year      =  2021,
  language  = "en",
note = {doi: \url{10.1016/S0140-6736(21)00218-X}}
}

@article{dudik2015accelsound,
  title     = "A comparative analysis of swallowing accelerometry and sounds
               during saliva swallows",
  author    = "Dudik, Joshua M and Jestrovi{\'c}, Iva and Luan, Bo and Coyle,
               James L and Sejdi{\'c}, Ervin",
  journal   = "Biomed. Eng. Online",
  publisher = "Springer Science and Business Media LLC",
  volume    =  14,
  number    =  1,
  pages     = "3",
  month     =  jan,
  year      =  2015,
  language  = "en",
  note = {doi: \url{10.1186/1475-925X-14-3}}
}

@article{donohue2022kinematic,
  title     = "Establishing reference values for temporal kinematic swallow
               events across the lifespan in healthy community dwelling adults
               using high-resolution cervical auscultation",
  author    = "Donohue, Cara and Khalifa, Yassin and Mao, Shitong and Perera,
               Subashan and Sejdi{\'c}, Ervin and Coyle, James L",
  journal   = "Dysphagia",
  publisher = "Springer Science and Business Media LLC",
  volume    =  37,
  number    =  3,
  pages     = "664--675",
  month     =  jun,
  year      =  2022,
  keywords  = "Cervical auscultation; Deglutition; Deglutition disorders;
               Dysphagia; Machine learning; Presbyphagia; Swallow screening;
               Videofluoroscopy",
  language  = "en",
  note = {doi: \url{10.1007/s00455-021-10317-0}}
}

@article{yelin2022semg,
  title    = "Directed functional coordination analysis of swallowing muscles
              in healthy and dysphagic subjects by surface electromyography",
  author   = "Ye-Lin, Yiyao and Prats-Boluda, Gema and Galiano-Botella, Marina
              and Roldan-Vasco, Sebastian and Orozco-Duque, Andres and
              Garcia-Casado, Javier",
  journal  = "Sensors (Basel)",
  volume   =  22,
  number   =  12,
  month    =  jun,
  year     =  2022,
  keywords = "Granger causality; dysphagia; functional coordination; surface
              electromyography; swallowing muscle coupling",
  language = "en"
}



@article{iizuka2018new,
  title={A new flexible piezoelectric pressure sensor array for the noninvasive detection of laryngeal movement during swallowing},
  author={Iizuka, Makito and Kobayashi, Masaaki and Hasegawa, Yoshimasa and Tomita, Kazuhide and Takeshima, Reiko and Izumizaki, Masahiko},
  journal={The journal of physiological sciences},
  volume={68},
  pages={837--846},
  year={2018},
  publisher={Springer},
month = {May},
note = {doi: \url{10.1021/acssensors.0c02339}}
}

@article{hiss2003fiberoptic,
  title={Fiberoptic endoscopic evaluation of swallowing},
  author={Hiss, Susan G and Postma, Gregory N},
  journal={The Laryngoscope},
  volume={113},
  number={8},
  pages={1386--1393},
  year={2003},
  publisher={Wiley Online Library},
month = {August},
note = {doi: \url{10.1097/00005537-200308000-00023}}
}

@article{vaiman2007standardization,
  title={Standardization of surface electromyography utilized to evaluate patients with dysphagia},
  author={Vaiman, Michael},
  journal={Head \& face medicine},
  volume={3},
  pages={1--7},
  year={2007},
  publisher={Springer},
month = {June},
note = {doi: \url{10.1186/1746-160X-3-26}}
}


@article{kang2016muscle,
  title={Muscle tension dysphagia: symptomology and theoretical framework},
  author={Kang, Christina H and Hentz, Joseph G and Lott, David G},
  journal={Otolaryngology--Head and Neck Surgery},
  volume={155},
  number={5},
  pages={837--842},
  year={2016},
  publisher={SAGE Publications Sage CA: Los Angeles, CA}
}
@article{morishima2016estimation,
  title={Estimation of the dose of radiation received by patient and physician during a videofluoroscopic swallowing study},
  author={Morishima, Yoshiaki and Chida, Koichi and Watanabe, Hiroshi},
  journal={Dysphagia},
  volume={31},
  pages={574--578},
  year={2016},
  publisher={Springer},
month = {June},
note = {doi: \url{10.1007/s00455-016-9718-6}}

}



@article{krasnodkebska2021diagnosis,
  title={Diagnosis in Muscle Tension Dysphagia},
  author={Krasnod{\k{e}}bska, Paulina and Jarzy{\'n}ska-Bu{\'c}ko, Agnieszka and Szkie{\l}kowska, Agata and Mia{\'s}kiewicz, Beata and Skar{\.z}y{\'n}ski, Henryk},
  journal={Polish Journal of Otolaryngology},
  volume={75},
  number={1},
  pages={16--22},
  year={2021},
  publisher={Index Copernicus International}
}
