
% @online{introduction1,  
% author = {IARC Globocan 2012},  
% title = {Section of Cancer Surveillance},  
% year = {2012},  
% url = {http://globocan.iarc.fr/Pages/fact_sheets_cancer.aspx},  
% }  




@online{parkinsonorg,
  author = {Parkinson's Foundation},
  title = {},
  year = {},
  publisher = {Website},
  journal = {Website},
  url = {https://www.parkinson.org/understanding-parkinsons/statistics},
urldate = {28.10.2023},
keywords = {website}
}



@misc{confusion_matrix,
  author = {Anuganti Suresh},
  title = {},
  year = {},
  publisher = {Website},
  journal = {Website},
  howpublished = {\url{https://medium.com/analytics-vidhya/what-is-a-confusion-matrix-d1c0f8feda5}},
keywords = {website}
}
@misc{Dice_coefficient,
  author = {},
  title = {},
  year = {},
  publisher = {Website},
  journal = {Website},
  howpublished = {\url{https://towardsdatascience.com/metrics-to-evaluate-your-semantic-segmentation-model-6bcb99639aa2}},
keywords = {website}
}


%-----------------------------------------softwre
@misc{PYTHON,
  author = {Python Software Foundation},
  title = {},
  year = {},
  publisher = {Website},
  journal = {Website},
  howpublished = {\url{https://www.python.org/}},
keywords = {website}
}

@misc{PYTORCH,
  author = {Linux Foundation},
  title = {},
  year = {},
  publisher = {Website},
  journal = {Website},
  howpublished = {\url{https://pytorch.org/}},
keywords = {website}
}
@misc{TENSORFLOW,
  author = {},
  title = {Deep learning API using Tensorflow},
  year = {},
  publisher = {Website},
  journal = {Website},
  howpublished = {\url{https://www.tensorflow.org/}},
keywords = {website}
}

@misc{OPENCV,
  author = {},
  title = {},
  year = {},
  publisher = {Website},
  journal = {Website},
  howpublished = {\url{https://opencv.org/}},
keywords = {website}
}




@misc{DATASET_CASIA,
  author = {Center for Biometrics and Security Research},
  title = {},
  year = {},
  publisher = {Website},
  journal = {Website},
  howpublished = {\url{http://www.cbsr.ia.ac.cn/english/IrisDatabase.asp}},
keywords = {website}
}
@misc{DATASET_MMU,
  author = {MultiMedia University},
  title = {},
  year = {},
  publisher = {Website},
  journal = {Website},
  howpublished = {\url{https://www.kaggle.com/datasets/naureenmohammad/mmu-iris-dataset}},
keywords = {website}
}

@misc{DATASET_DELHI,
  author = {Center for Biometrics and Security Research},
  title = {},
  year = {},
  publisher = {Website},
  journal = {Website},
  howpublished = {\url{https://www4.comp.polyu.edu.hk/~csajaykr/IITD/Database_Iris.htm}},
keywords = {website}
}

@misc{DATASET_LPW,
  author = {Marc Tonsen, Xucong Zhang, Yusuke Sugano, Andreas Bulling},
  title = {},
  year = {},
  publisher = {Website},
  journal = {Website},
  howpublished = {\url{https://www.mpi-inf.mpg.de/departments/computer-vision-and-machine-learning/research/gaze-based-human-computer-interaction/labelled-pupils-in-the-wild-lpw}},
keywords = {website}
}

@misc{DATASET_HONG_KONG,
  author = {The Hong Kong Polytechnic University Cross-Spectral Iris Images Database},
  title = {},
  year = {},
  publisher = {Website},
  journal = {Website},
  howpublished = {\url{http://www4.comp.polyu.edu.hk/~csajaykr/polyuirs.htm}},
keywords = {website}
}



@misc{DATASET_UBIRIS,
  author = {},
  title = {},
  year = {},
  publisher = {Website},
  journal = {Website},
  howpublished = {\url{http://iris.di.ubi.pt/}},
keywords = {website}
}

@misc{DATASET_OPENEDS,
  author = {Anuganti Suresh},
  title = {},
  year = {},
  publisher = {Website},
  journal = {Website},
  howpublished = {\url{https://paperswithcode.com/dataset/openeds2020}},
keywords = {website}
}
@misc{DATASET_OPENEDS_DESC,
  author = {Anuganti Suresh},
  title = {},
  year = {},
  publisher = {Website},
  journal = {Website},
  howpublished = {\url{https://www.arxiv-vanity.com/papers/1905.03702/}},
keywords = {website}
}


@misc{DATASET_NAGAZE,
  author = {Anuganti Suresh},
  title = {},
  year = {},
  publisher = {Website},
  journal = {Website},
  howpublished = {\url{https://paperswithcode.com/dataset/nvgaze}},
keywords = {website}
}



%------------------------------
%------------------------------
%------------------------------
%------------------------------
%------------------------------
%------------------------------



@misc{github1,
  author = {},
  title = {},
  year = {},
  publisher = {GitHub},
  journal = {GitHub repository},
  howpublished = {\url{}},
  commit = {}
}


%------------------------------report4

@misc{linearblending,
  author = {OpenCv},
  title = {linear blending},
  year = {},
  publisher = {Website},
  journal = {Website},
  howpublished = {\url{https://docs.opencv.org/3.4/d5/dc4/tutorial_adding_images.html
}},
}

@misc{hough1,
  author = {},
  title = {Hough circle transform},
  year = {},
  publisher = {Website},
  journal = {Website},
  howpublished = {\url{https://imagej.net/plugins/hough-circle-transform}},
}


@misc{hough2,
  author = {OpenCv},
  title = {Hough circle transform}},
  year = {},
  publisher = {Website},
  journal = {Website},
  howpublished = {\url{https://docs.opencv.org/3.4/d4/d70/tutorial_hough_circle.html}},
}

@misc{cannyFilter,
  author = {},
  title = {Edge detction using Canny filter},
  year = {},
  publisher = {Website},
  journal = {Website},
  howpublished = {\url{https://scikit-image.org/docs/stable/auto_examples/edges/plot_canny.html}},
}


@misc{Parkinson,
  author = {},
  title = {Parkinson’s Disease: Causes, Symptoms, and Treatments},
  year = {},
  publisher = {Website},
  journal = {Website},
  howpublished = {\url{https://www.nia.nih.gov/health/parkinsons-disease}},
}

@misc{redEye,
  author = {},
  title = {automatic-red-eye-remover-using-opencv-cpp-python},
  year = {},
  publisher = {Website},
  journal = {Website},
  howpublished = {\url{https://learnopencv.com/automatic-red-eye-remover-using-opencv-cpp-python/}},
}


@misc{eyrTracking,
  author = {},
  title = {},
  year = {},
  publisher = {Website},
  journal = {Website},
  howpublished = {\url{https://medium.com/@stepanfilonov/tracking-your-eyes-with-python-3952e66194a6}},
}

@misc{eyetracking,
  author = {},
  title = {},
  year = {},
  publisher = {Website},
  journal = {Website},
  howpublished = {\url{https://medium.com/@stepanfilonov/tracking-your-eyes-with-python-3952e66194a6}},
}
@misc{thresholdingfilter_simple,
  author = {OpenCv},
  title = {simple-thresholding},
  year = {},
  publisher = {Website},
  journal = {Website},
  howpublished = {\url{https://www.geeksforgeeks.org/python-thresholding-techniques-using-opencv-set-1-simple-thresholding/}},}

@misc{thresholdingfilter_adaptive,
  author = {OpenCv},
  title = {adaptive-thresholding},
  year = {},
  publisher = {Website},
  journal = {Website},
  howpublished = {\url{https://www.geeksforgeeks.org/python-thresholding-techniques-using-opencv-set-2-adaptive-thresholding/?ref=rp}},}
 
  @misc{thresholdingfilter_otsu,
  author = {OpenCv},
  title = {otsu-thresholding},
  year = {},
  publisher = {Website},
  journal = {Website},
  howpublished = {\url{https://www.geeksforgeeks.org/python-thresholding-techniques-using-opencv-set-3-otsu-thresholding/?ref=rp}},}



@misc{morphological,
  author = {geeksforgeeks},
  title = {Morphological operation on images},
  year = {},
  publisher = {Website},
  journal = {Website},
  howpublished = {\url{https://www.geeksforgeeks.org/image-segmentation-using-morphological-operation/}},
}

@misc{contrast,
  author = {},
  title = {},
  year = {},
  publisher = {Website},
  journal = {Website},
  howpublished = {\url{https://www.geeksforgeeks.org/python-intensity-transformation-operations-on-images/}},
}


@misc{hedModel,
  author = {},
  title = {Deep learnig model HED algorithm},
  year = {},
  publisher = {Website},
  journal = {Website},
  howpublished = {\url{https://modelzoo.co/model/holistically-nested-edge-detection}},
}

@misc{smoothing,
  author = {},
  title = {},
  year = {},
  publisher = {Website},
  journal = {Website},
  howpublished = {\url{https://www.geeksforgeeks.org/python-bilateral-filtering/?ref=gcse}},
}

@misc{url_HED,
  author = {},
  title = {holistically-nested-edge},
  year = {},
  publisher = {Website},
  journal = {Website},
  howpublished = {\url{https://www.geeksforgeeks.org/}},
}


@misc{edgeDetectionComp,
  author = {},
  title = {},
  year = {},
  publisher = {Website},
  journal = {Website},
  howpublished = {\url{https://medium.com/@nikatsanka/comparing-edge-detection-methods-638a2919476e}},
}

%-------------------------------------------------------------------
%-------------------------------------------------------------------
%-------------------------------------------------------------------





@misc{Parkinson1,
  author = {Hugo},
  title = {Parkinson’s Disease: Causes, Symptoms, and Treatments},
  year = {2015},
  publisher = {Website},
  journal = {Website},
  howpublished = {\url{https://www.nia.nih.gov/health/parkinsons-disease}},
keywords = {website}
}

@misc{Eyesdataset,
  author = {Datagen},
  title = {Eye Datasets},
  year = {2022},
  publisher = {Website},
  journal = {Website},
  howpublished = {\url{https://datagen.tech/blog/eye-datasets/}},
keywords = {website}
}

@misc{RITnet1,
  author = {AayushKrChaudhary},
  title = {RIT-Eyes},
  year = {2022},
  publisher = {Website},
  journal = {Website},
  howpublished = {\url{https://bitbucket.org/eye-ush/ritnet/src/master/}},
keywords = {website}
}

@misc{RITnet2,
  author = {AayushKrChaudhary},
  title = {RIT-Eyes},
  year = {2022},
  publisher = {Website},
  journal = {Website},
  howpublished = {\url{https://github.com/AayushKrChaudhary/RITnet}},
keywords = {website}
}
@misc{RITnet3,
  author = {AayushKrChaudhary},
  title = {RIT-Eyes},
  year = {2022},
  publisher = {Website},
  journal = {Website},
  howpublished = {\url{https://dl.acm.org/doi/10.1145/3385955.3407935}},
keywords = {website}
}

%------------------------
% @misc{EllSeg1,
%   author = {RSKothari},
%   title = {EllSeg},
%   year = {2022},
%   publisher = {Website},
%   journal = {Website},
%   howpublished = {\url{https://github.com/RSKothari/EllSeg
% }},
% keywords = {website}
% }

@misc{EllSeg2,
  author = {RSKothari},
  title = {EllSeg},
  year = {2022},
  publisher = {Website},
  journal = {Website},
  howpublished = {\url{https://bitbucket.org/RSKothari/ellseg/src/master/}},
keywords = {website}
}
%------------------------
@misc{RIT-Eyes1,
  author = {RSKothari},
  title = {RIT-Eyes: Rendering of near-eye images for eye-tracking applications},
  year = {2022},
  publisher = {Website},
  journal = {Website},
  howpublished = {\url{https://dl.acm.org/doi/10.1145/3385955.3407935}},
keywords = {website}
}






@misc{PSP_disease,
  author = {Mayo Clinic Staff},
  title = {Progressive supranuclear palsy},
  year = {2022},
  publisher = {Website},
  journal = {Website},
  howpublished = {\url{https://www.mayoclinic.org/diseases-conditions/progressive-supranuclear-palsy/symptoms-causes/syc-20355659}},
keywords = {website}
}

@misc{PSP_disease1,
  author = {Mayo Clinic Staff},
  title = {Progressive supranuclear palsy},
  year = {2022},
  publisher = {Website},
  journal = {Website},
  howpublished = {\url{https://www.ninds.nih.gov/progressive-supranuclear-palsy-fact-sheet}},
keywords = {website}
}


@misc{PSP_disease3,
  author = {University of California San Francisco},
  title = {Progressive supranuclear palsy},
  year = {2022},
  publisher = {Website},
  journal = {Website},
  howpublished = {\url{https://www.ucsfhealth.org/conditions/progressive-supranuclear-palsy}},
keywords = {website}
}





@misc{segmentation_methods,
  author = {POOJA BAGAD},
  title = {Classification of Image Segmentation Techniques},
  year = {2021},
  publisher = {Website},
  journal = {Website},
  howpublished = {\url{https://pooja-bagad18.medium.com/classification-of-image-segmentation-techniques-cc6a031b75fc}},
keywords = {website}
}

@misc{seg_models,
  author = {},
  title = {Segmentation Models Python APIs},
  year = {2021},
  publisher = {Website},
  journal = {Website},
  howpublished = {\url{https://segmentation-models.readthedocs.io/en/latest/api.html}},
keywords = {website}
}



@misc{segmentation_metrics_img,
  author = {Medium},
  title = {Loss Functions for Medical Image Segmentation: A Taxonomy},
  year = {2022},
  publisher = {Website},
  journal = {Website},
  howpublished = {\url{httpsmedium.com@junma11loss-functions-for-medical-image-segmentation-a-taxonomy-cefa5292eec0}},
keywords = {website}
}



@misc{segmentation_metrics,
  author = {Keras},
  title = {Keras - Metrics},
  year = {2022},
  publisher = {Website},
  journal = {Website},
  howpublished = {\url{https://keras.io/api/metrics/}},
keywords = {website}
}



@misc{FANET_CODE,
  author = {nikhilroxtomar},
  title = {FANet: A Feedback Attention Network for Improved Biomedical Image Segmentation},
  year = {2022},
  publisher = {Website},
  journal = {Website},
  howpublished = {\url{https://github.com/nikhilroxtomar/FANet/}},
keywords = {website}
}



@misc{human_mouse_ds,
  author = {Raffaele Mazziotti},
  title = {Human and Mouse Eyes for Pupil Semantic Segmentation},
  year = {2022},
  publisher = {Website},
  journal = {Website},
  howpublished = {\url{https://zenodo.org/record/4488164#.Y7U7YdVByUl}},
keywords = {website}
}




@misc{TEyeD,
  author = {ODSC Team},
  title = {Researchers Compile 20 Million Images of Eyes in a Massive Open-Source Dataset},
  year = {2022},
  publisher = {Website},
  journal = {Website},
  howpublished = {\url{https://opendatascience.com/teyed-researcherscompile-20-million-images-of-eyes-in-a-massive-open-source-dataset/}},
keywords = {website}
}

@misc{nvgaze_openeds,
  author = {Rochester Institute of Technology},
  title = {RIT-Eyes: Rendering eye images under naturalistic conditions for eye-tracking applications},
  year = {2022},
  publisher = {Website},
  journal = {Website},
  howpublished = {\url{https://cs.rit.edu/~cgaplab/RIT-Eyes/}},
keywords = {website}
}




@misc{NCBI,
  author = {The National Center for Biotechnology Information},
  title = {Nystagmus Types},
  publisher = {Website},
  journal = {Website},
  howpublished = {\url{https://www.ncbi.nlm.nih.gov/books/NBK539711/}},
keywords = {website}
}

@misc{Interacoustics,
  author = {Interacoustics},
  title = {},
  publisher = {Website},
  journal = {Website},
  howpublished = {\url{https://www.interacoustics.com/balance-testing-equipment/visualeyes/support/}},
keywords = {website}
}
@misc{APEER,
  author = {ZEISS},
  title = {},
  publisher = {Website},
  journal = {Website},
  howpublished = {\url{https://www.apeer.com/}},
keywords = {website}
}


@misc{ibm,
  author = {Timothy R. Dinger, Yuan-chi Chang, Raju Pavuluri, Shankar Subramanian},
  title = {},
  publisher = {Website},
  journal = {Website},
  howpublished = {\url{https://developer.ibm.com/learningpaths/get-started-time-series-classification-api/what-is-time-series-classification/}},
keywords = {website}
}
 


